<?xml version="1.0" encoding="UTF-8"?><record xmlns="http://www.loc.gov/MARC21/slim" xmlns:cinclude="http://apache.org/cocoon/include/1.0" xmlns:zs="http://www.loc.gov/zing/srw/">
  <leader>00543nz  a2200133n  4500</leader>
  <controlfield tag="001">n  94047970 </controlfield>
  <controlfield tag="003">DLC</controlfield>
  <controlfield tag="005">19940613075419.5</controlfield>
  <controlfield tag="008">940518n| acannaab|          |a aaa |||  </controlfield>
  <datafield tag="010" ind1=" " ind2=" ">
    <subfield code="a">n  94047970 </subfield>
  </datafield>
  <datafield tag="040" ind1=" " ind2=" ">
    <subfield code="a">DLC</subfield>
    <subfield code="c">DLC</subfield>
  </datafield>
  <datafield tag="100" ind1="1" ind2="0">
    <subfield code="a">T︠S︡vi︠e︡taev, Dm.</subfield>
    <subfield code="q">(Dmitrīĭ),</subfield>
    <subfield code="d">1852-1920.</subfield>
    <subfield code="t">O trude D.I. Ilovaĭskogo Istorii︠a︡ Rossii</subfield>
  </datafield>
  <datafield tag="400" ind1="1" ind2="0">
    <subfield code="a">T︠S︡vi︠e︡taev, Dm.</subfield>
    <subfield code="q">(Dmitrīĭ),</subfield>
    <subfield code="d">1852-1920.</subfield>
    <subfield code="t">O trudi︠e︡ D.I. Ilovaĭskago Istorīi︠a︡ Rossīi</subfield>
  </datafield>
  <datafield tag="670" ind1=" " ind2=" ">
    <subfield code="a">His O trudi︠e︡ D.I. Ilovaĭskago Istorīi︠a︡ Rossīi, 1899.</subfield>
  </datafield>
</record>